<record><leader>00000cas a22000007a 4500</leader><controlfield tag="001">2260315</controlfield><controlfield tag="008">760620c19549999paudn ne      0    0eng d</controlfield><datafield ind1=" " ind2=" " tag="010"><subfield code="a">sn 86083228 </subfield></datafield><datafield ind1=" " ind2=" " tag="040"><subfield code="a">PIT</subfield><subfield code="b">eng</subfield><subfield code="c">PIT</subfield><subfield code="d">NPH</subfield><subfield code="d">OBN</subfield><subfield code="d">OCLCQ</subfield><subfield code="d">OCLCF</subfield><subfield code="d">OCLCO</subfield></datafield><datafield ind1="1" ind2=" " tag="029"><subfield code="a">AU@</subfield><subfield code="b">000025819875</subfield></datafield><datafield ind1="1" ind2=" " tag="029"><subfield code="a">NZ1</subfield><subfield code="b">16076092</subfield></datafield><datafield ind1=" " ind2=" " tag="042"><subfield code="a">msc</subfield></datafield><datafield ind1="0" ind2=" " tag="130"><subfield code="a">Derrick (Oil City, Pa.)</subfield></datafield><datafield ind1="0" ind2="4" tag="245"><subfield code="a">The derrick.</subfield></datafield><datafield ind1="1" ind2="7" tag="246"><subfield code="a">Oil City derrick</subfield></datafield><datafield ind1=" " ind2=" " tag="260"><subfield code="a">Oil City, Pa. :</subfield><subfield code="b">Derrick Pub. Co.,</subfield><subfield code="c">1954-</subfield></datafield><datafield ind1=" " ind2=" " tag="300"><subfield code="a">v. ;</subfield><subfield code="c">57 cm.</subfield></datafield><datafield ind1=" " ind2=" " tag="310"><subfield code="a">Daily (except Sunday and holidays)</subfield></datafield><datafield ind1="0" ind2=" " tag="362"><subfield code="a">No. 28,034 (July 10, 1954)-</subfield></datafield><datafield ind1=" " ind2=" " tag="500"><subfield code="a">"Oil City-Franklin-Clarion, Pa."</subfield></datafield><datafield ind1=" " ind2=" " tag="500"><subfield code="a">"Home newspaper in the tri-county area."</subfield></datafield><datafield ind1=" " ind2=" " tag="515"><subfield code="a">Issue for &lt;Oct. 9, 1958&gt; called also &lt;85th yr., no. 230&gt;.</subfield></datafield><datafield ind1=" " ind2="0" tag="651"><subfield code="a">Oil City (Pa.)</subfield><subfield code="v">Newspapers.</subfield></datafield><datafield ind1=" " ind2="0" tag="651"><subfield code="a">Clarion (Pa.)</subfield><subfield code="v">Newspapers.</subfield></datafield><datafield ind1=" " ind2="0" tag="651"><subfield code="a">Franklin (Venango County, Pa.)</subfield><subfield code="v">Newspapers.</subfield></datafield><datafield ind1=" " ind2="0" tag="651"><subfield code="a">Venango County (Pa.)</subfield><subfield code="v">Newspapers.</subfield></datafield><datafield ind1=" " ind2="0" tag="651"><subfield code="a">Clarion County (Pa.)</subfield><subfield code="v">Newspapers.</subfield></datafield><datafield ind1=" " ind2="7" tag="655"><subfield code="a">Newspapers.</subfield><subfield code="2">fast</subfield><subfield code="0">(OCoLC)fst01423814</subfield></datafield><datafield ind1=" " ind2="7" tag="651"><subfield code="a">Pennsylvania</subfield><subfield code="z">Clarion.</subfield><subfield code="2">fast</subfield><subfield code="0">(OCoLC)fst01220527</subfield></datafield><datafield ind1=" " ind2="7" tag="651"><subfield code="a">Pennsylvania</subfield><subfield code="z">Clarion County.</subfield><subfield code="2">fast</subfield><subfield code="0">(OCoLC)fst01212108</subfield></datafield><datafield ind1=" " ind2="7" tag="651"><subfield code="a">Pennsylvania</subfield><subfield code="z">Franklin (Venango County)</subfield><subfield code="2">fast</subfield><subfield code="0">(OCoLC)fst01312310</subfield></datafield><datafield ind1=" " ind2="7" tag="651"><subfield code="a">Pennsylvania</subfield><subfield code="z">Oil City.</subfield><subfield code="2">fast</subfield><subfield code="0">(OCoLC)fst01206286</subfield></datafield><datafield ind1=" " ind2="7" tag="651"><subfield code="a">Pennsylvania</subfield><subfield code="z">Venango County.</subfield><subfield code="2">fast</subfield><subfield code="0">(OCoLC)fst01215986</subfield></datafield><datafield ind1=" " ind2=" " tag="752"><subfield code="a">United States</subfield><subfield code="b">Pennsylvania</subfield><subfield code="c">Venango</subfield><subfield code="d">Oil City.</subfield></datafield><datafield ind1=" " ind2=" " tag="752"><subfield code="a">United States</subfield><subfield code="b">Pennsylvania</subfield><subfield code="c">Clarion</subfield><subfield code="d">Clarion.</subfield></datafield><datafield ind1=" " ind2=" " tag="752"><subfield code="a">United States</subfield><subfield code="b">Pennsylvania</subfield><subfield code="c">Venango</subfield><subfield code="d">Franklin.</subfield></datafield><datafield ind1="0" ind2="0" tag="780"><subfield code="t">Oil City derrick (Oil City, Pa. : Daily)</subfield><subfield code="w">(DLC)sn 84026125</subfield></datafield></record>